@string{SV = "Springer-Verlag"}



@Book{diday-1982,
  author = 	 {E. Diday and J. Lemaire and J. Pouget and F. Testu},
  title = 	 {\'El\'ements d'analyse de donn\'ees},
  publisher = 	 {Dunod},
  year = 	 1982
}

@InProceedings{heckbert-1982,
  author = 	 {P. Heckbert},
  title = 	 {Color image quantization for frame buffer display},
  booktitle = 	 {Proceedings of SIGGRAPH'82},
  pages = 	 {297-307},
  year = 	 1982
}

@Book{preparata-1988,
  author = 	 {F. Preparata and M. I. Shamos},
  title = 	 {Computational geometry, an introduction},
  publisher = 	 SV,
  year = 	 1988
}

@Article{tutte-1963,
  author =       {W.T. Tutte},
  title =        {A census of planar maps},
  journal =      {Canad.J.Math.},
  year =         1963,
  volume =       15,
  pages =        {249--271}
}

